<record><leader>00000cas a2200000 a 4500</leader><controlfield tag="001">13484642</controlfield><controlfield tag="008">860423d19781979kyudn ne      0    0eng d</controlfield><datafield ind1=" " ind2=" " tag="010"><subfield code="a">sn 86069115 </subfield></datafield><datafield ind1=" " ind2=" " tag="040"><subfield code="a">KNP</subfield><subfield code="b">eng</subfield><subfield code="c">KNP</subfield><subfield code="d">OCL</subfield><subfield code="d">OCLCQ</subfield></datafield><datafield ind1=" " ind2=" " tag="042"><subfield code="a">msc</subfield></datafield><datafield ind1="0" ind2=" " tag="130"><subfield code="a">Daily enterprise (Paris, Ky. : 1978)</subfield></datafield><datafield ind1="1" ind2="0" tag="245"><subfield code="a">Daily enterprise.</subfield></datafield><datafield ind1="1" ind2="3" tag="246"><subfield code="a">Weekend enterprise</subfield></datafield><datafield ind1=" " ind2=" " tag="260"><subfield code="a">Paris, Ky. :</subfield><subfield code="b">[John L. Juneau],</subfield><subfield code="c">1978-1979.</subfield></datafield><datafield ind1=" " ind2=" " tag="300"><subfield code="a">v. :</subfield><subfield code="b">ill.</subfield></datafield><datafield ind1=" " ind2=" " tag="310"><subfield code="a">Daily (except Sat. and Sun.)</subfield></datafield><datafield ind1=" " ind2=" " tag="321"><subfield code="a">Daily (except Sun.)</subfield></datafield><datafield ind1="0" ind2=" " tag="362"><subfield code="a">Vol. 137, no. 135 (Nov. 8, 1978)- ; -v. 38, no. 168 (Dec. 31, 1979).</subfield></datafield><datafield ind1=" " ind2=" " tag="500"><subfield code="a">On Saturdays published as: Weekend enterprise, Nov. 11, 1978-</subfield></datafield><datafield ind1=" " ind2=" " tag="515"><subfield code="a">Volume numbering is irregular.</subfield></datafield><datafield ind1=" " ind2="4" tag="651"><subfield code="a">Bourbon County (Ky.)</subfield><subfield code="v">Newspapers.</subfield></datafield><datafield ind1=" " ind2="4" tag="651"><subfield code="a">Paris (Ky.)</subfield><subfield code="v">Newspapers.</subfield></datafield><datafield ind1=" " ind2=" " tag="752"><subfield code="a">United States</subfield><subfield code="b">Kentucky</subfield><subfield code="c">Bourbon</subfield><subfield code="d">Paris.</subfield></datafield><datafield ind1="0" ind2="0" tag="780"><subfield code="t">Paris daily enterprise</subfield><subfield code="w">(DLC)sn 86069836</subfield></datafield><datafield ind1="0" ind2="0" tag="785"><subfield code="t">Paris enterprise (Paris, Ky. : 1980)</subfield><subfield code="w">(DLC)sn 86069114</subfield></datafield><datafield ind1="1" ind2=" " tag="029"><subfield code="a">AU@</subfield><subfield code="b">000022171180</subfield></datafield></record>